%% LaTeX2e file `matreg.bib'
%% generated by the `filecontents' environment
%% from source `matching_regression' on 2017/03/01.
%%
@article{ho_etal,
 title = {Matching as Nonparameteric Preprocessing for Reducing Model Dependence in Parameteric Causal Inference},
 author = {Ho, D.E. and Imai, K. and King, G. and Stuart, E.A.},
 journal = {Political Analysis},
 year = 2007,
 number = 15,
 pages = {199-236},
 doi = {10.1093/pan/mpl013},
 url = {http://dx.doi.org/10.1093/pan/mpl013}
}
@article{shalizi,
 title = {Advanced Data Analysis from an Elementary Point of View},
 author = {Shalizi, Cosma},
 year = 2015,
 notes = {Forthcoming book},
 url = {http://stat.cmu.edu/~cshalizi/ADAfaEPoV/ADAfaEPoV.pdf}
}
@book{imbens_rubin,
 author = {Imbens, Guido W. and Rubin, Donald B.},
 title = {Causal Inference for Statistics, Social, and Biomedical Sciences: An Introduction},
 year = {2015},
 isbn = {0521885884, 9780521885881},
 publisher = {Cambridge University Press},
 address = {New York, NY, USA},
}
